
@article{giraud2023cplantbox,
  title={CPlantBox: a fully coupled modelling platform for the water and carbon fluxes in the soil--plant--atmosphere continuum},
  author={Giraud, Mona and Gall, Samuel Le and Harings, Moritz and Javaux, Mathieu and Leitner, Daniel and Meunier, F{\'e}licien and Rothfuss, Youri and van Dusschoten, Dagmar and Vanderborght, Jan and Vereecken, Harry and others},
  journal={in silico Plants},
  volume={5},
  number={2},
  pages={diad009},
  year={2023},
  publisher={Oxford University Press UK}
}

@article{leitner2010dynamic,
  title={A dynamic root system growth model based on L-Systems: Tropisms and coupling to nutrient uptake from soil},
  author={Leitner, Daniel and Klepsch, Sabine and Bodner, Gernot and Schnepf, Andrea},
  journal={Plant and soil},
  volume={332},
  pages={177--192},
  year={2010},
  publisher={Springer Netherlands}
}



@article{lobet2015root,
  title={Root system markup language: toward a unified root architecture description language},
  author={Lobet, Guillaume and Pound, Michael P and Diener, Julien and Pradal, Christophe and Draye, Xavier and Godin, Christophe and Javaux, Mathieu and Leitner, Daniel and Meunier, F{\'e}licien and Nacry, Philippe and others},
  journal={Plant physiology},
  volume={167},
  number={3},
  pages={617--627},
  year={2015},
  publisher={American Society of Plant Biologists}
}


@article{schnepf2018crootbox,
  title={C{R}oot{B}ox: a structural--functional modelling framework for root systems},
  author={Schnepf, A and Leitner, D and Landl, M and Lobet, G and Mai, TH and Morandage, S and Sheng, V and Z{\"o}rner, M and Vanderborght, J and Vereecken, H},
  journal={Annals of botany},
  volume={121},
  number={5},
  pages={1033--1053},
  year={2018},
  publisher={Oxford University Press US}
}

@article{zhou2020cplantbox,
  title={{CP}lant{B}ox, a whole-plant modelling framework for the simulation of water-and carbon-related processes},
  author={Zhou, XR and Schnepf, A and Vanderborght, J and Leitner, D and Lacointe, A and Vereecken, H and Lobet, G},
  journal={in silico Plants},
  volume={2},
  number={1},
  year={2020},
  publisher={Oxford University Press UK}
}

@article{meunier2017hybrid,
  title={A hybrid analytical-numerical method for solving water flow equations in root hydraulic architectures},
  author={Meunier, F and Draye, X and Vanderborght, J and Javaux, M and Couvreur, V},
  journal={Applied Mathematical Modelling},
  volume={52},
  pages={648--663},
  year={2017},
  publisher={Elsevier}
}

@article{doussan1998modelling,
  title={Modelling of the hydraulic architecture of root systems: an integrated approach to water absorptionâ€”model description},
  author={Doussan, C and Pag{\`e}s, L and Vercambre, G},
  journal={Annals of botany},
  volume={81},
  number={2},
  pages={213--223},
  year={1998},
  publisher={Elsevier}
}

@article{leitner2014impact,
  title={Impact of contrasted maize root traits at flowering on water stress tolerance--a simulation study},
  author={Leitner, D and Meunier, F and Bodner, G and Javaux, M and Schnepf, A},
  journal={Field crops research},
  volume={165},
  pages={125--137},
  year={2014},
  publisher={Elsevier}
}

@article{koch2020dumux,
  title={DuMux 3--an open-source simulator for solving flow and transport problems in porous media with a focus on model coupling},
  author={Koch, T and Gl{\"a}ser, D and Weishaupt, K and Ackermann, S and Beck, M and Becker, B and Burbulla, S and Class, H and Coltman, E and Emmert, S and others},
  journal={Computers \& Mathematics with Applications},
  year={2020},
  publisher={Elsevier}
}


@article{tuzzin2019mechanical,
  title={Mechanical and hydric stress effects on maize root system development at different soil compaction levels},
  author={Tuzzin De Moraes, M and Debiasi, H and Franchini, JC and de Andrade BJ and Levien, R and Schnepf, A and Leitner, D},
  journal={Frontiers in plant science},
  volume={10},
  pages={1358},
  year={2019},
  publisher={Frontiers}
}

@article{schnepf2019call,
  title={Call for participation: Collaborative benchmarking of functional-structural root architecture models. The case of root water uptake},
  author={Schnepf, A and Black, C K and Couvreur, V and Delory, B M and Doussan, C and Koch, A and Koch, T and Javaux, M and Landl, M and Leitner, D and others},
  journal={BioRxiv},
  pages={808972},
  year={2019},
  publisher={Cold Spring Harbor Laboratory}
}
